@article{global_2015,
	title = {A global reference for human genetic variation},
	volume = {526},
	issn = {1476-4687},
	url = {https://www.nature.com/articles/nature15393},
	doi = {10.1038/nature15393},
	language = {en},
	number = {7571},
	urldate = {2023-07-12},
	journal = {Nature},
	author = {The 1000 Genomes Project Consortium},
	month = oct,
	year = {2015},
	pages = {68--74}}

@article{awadalla_cohort_2013,
	title = {Cohort profile of the {CARTaGENE} study: {Quebec}â€™s population-based biobank for public health and personalized genomics},
	volume = {42},
	issn = {0300-5771},
	shorttitle = {Cohort profile of the {CARTaGENE} study},
	url = {https://doi.org/10.1093/ije/dys160},
	doi = {10.1093/ije/dys160},
	number = {5},
	urldate = {2023-07-12},
	journal = {International Journal of Epidemiology},
	author = {Awadalla, Philip and Boileau, Catherine and Payette, Yves and Idaghdour, Youssef and Goulet, Jean-Philippe and Knoppers, Bartha and Hamet, Pavel and Laberge, Claude},
	month = oct,
	year = {2013},
	pages = {1285--1299}
}

@article{juster_overview_1995,
	title = {An {Overview} of the {Health} and {Retirement} {Study}},
	volume = {30},
	issn = {0022-166X},
	url = {https://www.jstor.org/stable/146277},
	doi = {10.2307/146277},
	urldate = {2023-07-12},
	journal = {The Journal of Human Resources},
	author = {Juster, F. Thomas and Suzman, Richard},
	year = {1995},
	pages = {S7--S56}
}

@article{sudlow_uk_2015,
	title = {{UK} {Biobank}: {An} {Open} {Access} {Resource} for {Identifying} the {Causes} of a {Wide} {Range} of {Complex} {Diseases} of {Middle} and {Old} {Age}},
	volume = {12},
	issn = {1549-1676},
	shorttitle = {{UK} {Biobank}},
	url = {https://journals.plos.org/plosmedicine/article?id=10.1371/journal.pmed.1001779},
	doi = {10.1371/journal.pmed.1001779},
	language = {en},
	number = {3},
	urldate = {2023-07-12},
	journal = {PLOS Medicine},
	author = {Sudlow, Cathie and Gallacher, John and Allen, Naomi and Beral, Valerie and Burton, Paul and Danesh, John and Downey, Paul and Elliott, Paul and Green, Jane and Landray, Martin and Liu, Bette and Matthews, Paul and Ong, Giok and Pell, Jill and Silman, Alan and Young, Alan and Sprosen, Tim and Peakman, Tim and Collins, Rory},
	month = mar,
	year = {2015},
	pages = {e1001779}
}

@article{novembre2008europe,
	Author = {Novembre, John and Johnson, Toby and Bryc, Katarzyna and Kutalik, Zolt{\'a}n and Boyko, Adam R. and Auton, Adam and Indap, Amit and King, Karen S. and Bergmann, Sven and Nelson, Matthew R. and Stephens, Matthew and Bustamante, Carlos D.},
	Day = {31},
	Journal = {Nature},
	Month = {08},
	Pages = {98-101},
	Title = {Genes mirror geography within {E}urope},
	Url = {http://dx.doi.org/10.1038/nature07331},
	Volume = {456},
	Year = {2008}
}
	

@article{wei_graph_2019,
	title = {Graph {Embedding} {Method} {Based} genetical trajectory {Reveals} {Migration} {History} {Among} {East} {Asians}},
	url = {https://www.biorxiv.org/content/10.1101/870253v1},
	doi = {10.1101/870253},
	journal = {bioRxiv},
	author = {Wei, Zhuang and Chang, Ching-Wen and Luo, Van and Bian, Beilei and Ding, Xuewei},
	year = {2019},
	pages = {870253}
}


@article{gibbs_human_2020,
	title = {The {Human} {Genome} {Project} changed everything},
	volume = {21},
	copyright = {2020 Springer Nature Limited},
	issn = {1471-0064},
	url = {https://www.nature.com/articles/s41576-020-0275-3},
	doi = {10.1038/s41576-020-0275-3},
	number = {10},
	urldate = {2023-07-17},
	journal = {Nature Reviews Genetics},
	author = {Gibbs, Richard A.},
	month = oct,
	year = {2020},
	pages = {575--576},
}
